@article{wei2023adaptive,
    title   = {Adaptive functional principal components analysis},
    author  = {Wei, Sunny Wang Guang and Patilea, Valentin and Klutchnikoff, Nicolas},
    journal = {arXiv preprint arXiv:2306.16091},
    year    = {2023}
}

@article{panaretos2017regression,
    title   = {Regression with genuinely functional errors-in-covariates},
    author  = {Chakraborty, Anirvan and Panaretos, Victor M},
    journal = {arXiv preprint arXiv:1712.04290},
    year    = {2017}
}

@article{descary2019functional,
    title  = {Functional data analysis by matrix completion},
    author = {Descary, Marie-H{\'e}l{\`e}ne and Panaretos, Victor M},
    year   = {2019}
}

@book{hsing2015theoretical,
    title     = {Theoretical foundations of functional data analysis, with an introduction to linear operators},
    author    = {Hsing, Tailen and Eubank, Randall},
    volume    = {997},
    year      = {2015},
    publisher = {John Wiley \& Sons}
}

@article{han2018smooth,
    title     = {Smooth backfitting for errors-in-variables additive models},
    author    = {Han, Kyunghee and Park, Byeong U},
    journal   = {The Annals of Statistics},
    volume    = {46},
    number    = {5},
    pages     = {2216--2250},
    year      = {2018},
    publisher = {JSTOR}
}